@article{TANG2020248,
title = "An updated estimation of the risk of transmission of the novel coronavirus (2019-nCov)",
journal = "Infectious Disease Modelling",
volume = "5",
pages = "248 - 255",
year = "2020",
issn = "2468-0427",
doi = "https://doi.org/10.1016/j.idm.2020.02.001",
author = "Biao Tang and Nicola Luigi Bragazzi and Qian Li and Sanyi Tang and Yanni Xiao and Jianhong Wu",
keywords = "Novel coronavirus, Emerging and reemerging pathogens, Mathematical modeling, Basic reproduction number, Effective daily reproduction ratio"
}

@article{EIKENBERRY2020293,
	title = "To mask or not to mask: Modeling the potential for face mask use by the general public to curtail the COVID-19 pandemic",
	journal = "Infectious Disease Modelling",
	volume = "5",
	pages = "293 - 308",
	year = "2020",
	issn = "2468-0427",
	doi = "https://doi.org/10.1016/j.idm.2020.04.001",
	author = "Steffen E. Eikenberry and Marina Mancuso and Enahoro Iboi and Tin Phan and Keenan Eikenberry and Yang Kuang and Eric Kostelich and Abba B. Gumel",
	keywords = "Face mask, Non-pharmaceutical intervention, Cloth mask, N95 respirator, Surgical mask, SARS-CoV-2, COVID-19",
}

@Article{Long2020,
	author={Long, Quan-Xin
	and Tang, Xiao-Jun
	and Shi, Qiu-Lin
	and Li, Qin
	and Deng, Hai-Jun
	and Yuan, Jun
	and Hu, Jie-Li
	and Xu, Wei
	and Zhang, Yong
	and Lv, Fa-Jin
	and Su, Kun
	and Zhang, Fan
	and Gong, Jiang
	and Wu, Bo
	and Liu, Xia-Mao
	and Li, Jin-Jing
	and Qiu, Jing-Fu
	and Chen, Juan
	and Huang, Ai-Long},
	title={Clinical and immunological assessment of asymptomatic SARS-CoV-2 infections},
	journal={Nature Medicine},
	year={2020},
	month={Aug},
	day={01},
	volume={26},
	number={8},
	pages={1200-1204},
	issn={1546-170X},
	doi={10.1038/s41591-020-0965-6},
	url={https://doi.org/10.1038/s41591-020-0965-6}
}

@article {LIANG2020.03.31.20049387,
	author = {LIANG, Jingbo and Yuan, Hsiang-Yu and Wu, Lindsey and Pfeiffer, Dirk Udo},
	title = {Estimating effects of intervention measures on COVID-19 outbreak in Wuhan taking account of improving diagnostic capabilities using a modelling approach},
	elocation-id = {2020.03.31.20049387},
	year = {2020},
	doi = {10.1101/2020.03.31.20049387},
	publisher = {Cold Spring Harbor Laboratory Press},
	journal = {medRxiv}
}

@Article{Zhou2020,
	author={Zhou, Fei
	and Yu, Ting
	and Du, Ronghui
	and Fan, Guohui
	and Liu, Ying
	and Liu, Zhibo
	and Xiang, Jie
	and Wang, Yeming
	and Song, Bin
	and Gu, Xiaoying
	and Guan, Lulu
	and Wei, Yuan
	and Li, Hui
	and Wu, Xudong
	and Xu, Jiuyang
	and Tu, Shengjin
	and Zhang, Yi
	and Chen, Hua
	and Cao, Bin},
	title={Clinical course and risk factors for mortality of adult inpatients with COVID-19 in Wuhan, China: a retrospective cohort study},
	journal={The Lancet},
	year={2020},
	month={Mar},
	day={28},
	publisher={Elsevier},
	volume={395},
	number={10229},
	pages={1054-1062},
	issn={0140-6736},
	doi={10.1016/S0140-6736(20)30566-3},
	url={https://doi.org/10.1016/S0140-6736(20)30566-3}
}

@article{Hu2020,
	doi = {10.1007/s11427-020-1661-4},
	url = {https://doi.org/10.1007/s11427-020-1661-4},
	year = {2020},
	month = mar,
	publisher = {Springer Science and Business Media {LLC}},
	volume = {63},
	number = {5},
	pages = {706--711},
	author = {Zhiliang Hu and Ci Song and Chuanjun Xu and Guangfu Jin and Yaling Chen and Xin Xu and Hongxia Ma and Wei Chen and Yuan Lin and Yishan Zheng and Jianming Wang and Zhibin Hu and Yongxiang Yi and Hongbing Shen},
	title = {Clinical characteristics of 24 asymptomatic infections with {COVID}-19 screened among close contacts in Nanjing,  China},
	journal = {Science China Life Sciences}
}


